<record><leader>00000cas a2200000 a 4500</leader><controlfield tag="001">8793610</controlfield><controlfield tag="008">820921d19561974azuwr ne      0   a0eng  </controlfield><controlfield tag="009">466</controlfield><datafield ind1=" " ind2=" " tag="010"><subfield code="a">sn 82014376 </subfield></datafield><datafield ind1=" " ind2=" " tag="040"><subfield code="a">DLC</subfield><subfield code="b">eng</subfield><subfield code="c">DLC</subfield><subfield code="d">ANN</subfield><subfield code="d">OCLCO</subfield><subfield code="d">OCLCF</subfield></datafield><datafield ind1="1" ind2=" " tag="029"><subfield code="a">AU@</subfield><subfield code="b">000020398289</subfield></datafield><datafield ind1=" " ind2=" " tag="042"><subfield code="a">msc</subfield></datafield><datafield ind1=" " ind2=" " tag="043"><subfield code="a">n-us-az</subfield></datafield><datafield ind1="0" ind2="0" tag="050"><subfield code="a">Newspaper 7078</subfield></datafield><datafield ind1="0" ind2=" " tag="130"><subfield code="a">White Mountain eagle (Show Low, Ariz.)</subfield></datafield><datafield ind1="0" ind2="0" tag="245"><subfield code="a">White Mountain eagle.</subfield></datafield><datafield ind1=" " ind2=" " tag="260"><subfield code="a">Show Low, Navajo County, Ariz. :</subfield><subfield code="b">M.G. Brown,</subfield><subfield code="c">1956-1974.</subfield></datafield><datafield ind1=" " ind2=" " tag="300"><subfield code="a">v. :</subfield><subfield code="b">ill. ;</subfield><subfield code="c">61 cm.</subfield></datafield><datafield ind1=" " ind2=" " tag="310"><subfield code="a">Weekly</subfield></datafield><datafield ind1="0" ind2=" " tag="362"><subfield code="a">Vol. 1, no. 1 (Feb. 3, 1956)-v. 18, no. 12 (Mar. 29, 1974).</subfield></datafield><datafield ind1=" " ind2=" " tag="500"><subfield code="a">Publisher: Byron D. Box, &lt;1959&gt;-  .</subfield></datafield><datafield ind1=" " ind2=" " tag="500"><subfield code="a">Serving southern Navajo and Apache counties.</subfield></datafield><datafield ind1=" " ind2=" " tag="500"><subfield code="a">"Independent." Cf. Ayer, 1972.</subfield></datafield><datafield ind1=" " ind2=" " tag="515"><subfield code="a">Issue for Mar. 2, 1956 called also Valley National Bank of Show Low ed.</subfield></datafield><datafield ind1=" " ind2="0" tag="651"><subfield code="a">Show Low (Ariz.)</subfield><subfield code="v">Newspapers.</subfield></datafield><datafield ind1=" " ind2="0" tag="651"><subfield code="a">Navajo County (Ariz.)</subfield><subfield code="v">Newspapers.</subfield></datafield><datafield ind1=" " ind2="0" tag="651"><subfield code="a">Apache County (Ariz.)</subfield><subfield code="v">Newspapers.</subfield></datafield><datafield ind1=" " ind2="7" tag="655"><subfield code="a">Newspapers.</subfield><subfield code="2">fast</subfield><subfield code="0">(OCoLC)fst01423814</subfield></datafield><datafield ind1=" " ind2="7" tag="651"><subfield code="a">Arizona</subfield><subfield code="z">Apache County.</subfield><subfield code="2">fast</subfield><subfield code="0">(OCoLC)fst01217372</subfield></datafield><datafield ind1=" " ind2="7" tag="651"><subfield code="a">Arizona</subfield><subfield code="z">Navajo County.</subfield><subfield code="2">fast</subfield><subfield code="0">(OCoLC)fst01217273</subfield></datafield><datafield ind1=" " ind2="7" tag="651"><subfield code="a">Arizona</subfield><subfield code="z">Show Low.</subfield><subfield code="2">fast</subfield><subfield code="0">(OCoLC)fst01216802</subfield></datafield><datafield ind1=" " ind2=" " tag="752"><subfield code="a">United States</subfield><subfield code="b">Arizona</subfield><subfield code="c">Navajo</subfield><subfield code="d">Show Low.</subfield></datafield><datafield ind1="0" ind2="0" tag="785"><subfield code="t">White Mountain independent and continuing the Apache County independent-news - White Mountain roundup - White Mountain eagle (Show Low, Ariz. : Navajo County ed.)</subfield><subfield code="w">(DLC)sn 95060595</subfield></datafield></record>